@article{journals/tog/LevinLW04,
  added-at = {2006-02-09T00:00:00.000+0100},
  author = {Levin, Anat and Lischinski, Dani and Weiss, Yair},
  biburl = {http://www.bibsonomy.org/bibtex/2eb05c28c7b43c0b20d6c53b2ee137212/dblp},
  date = {2006-02-09},
  description = {dblp},
  ee = {http://doi.acm.org/10.1145/1015706.1015780},
  interhash = {86e0b540831f07da03216a834f692970},
  intrahash = {eb05c28c7b43c0b20d6c53b2ee137212},
  journal = {ACM Trans. Graph.},
  keywords = {dblp},
  number = 3,
  pages = {689-694},
  timestamp = {2006-02-09T00:00:00.000+0100},
  title = {Colorization using optimization.},
  url = {http://dblp.uni-trier.de/db/journals/tog/tog23.html#LevinLW04},
  volume = 23,
  year = 2004
}

@Article{IizukaSIGGRAPH2016,
  author  = {Satoshi Iizuka and Edgar Simo-Serra and Hiroshi Ishikawa},
  title   = {{Let there be Color!: Joint End-to-end Learning of Global and Local Image Priors for Automatic Image Colorization with Simultaneous Classification}},
  journal = {ACM Transactions on Graphics (Proc. of SIGGRAPH 2016)},
  year    = {2016},
  volume  = {35},
  number  = {4},
  pages   = {110:1--110:11},
}

@inproceedings{zhang2016colorful,
  title={Colorful Image Colorization},
  author={Zhang, Richard and Isola, Phillip and Efros, Alexei A},
  booktitle={ECCV},
  year={2016}
}

@article{DBLP:journals/tog/WelshAM02,
  author    = {Tomihisa Welsh and
               Michael Ashikhmin and
               Klaus Mueller},
  title     = {Transferring color to greyscale images},
  journal   = {{ACM} Trans. Graph.},
  volume    = {21},
  number    = {3},
  pages     = {277--280},
  year      = {2002},
  url       = {http://doi.acm.org/10.1145/566654.566576},
  doi       = {10.1145/566654.566576},
  timestamp = {Tue, 25 Nov 2003 07:57:30 +0100},
  biburl    = {http://dblp.uni-trier.de/rec/bib/journals/tog/WelshAM02},
  bibsource = {dblp computer science bibliography, http://dblp.org}
}

@article{DBLP:journals/corr/ChengYS16,
  author    = {Zezhou Cheng and
               Qingxiong Yang and
               Bin Sheng},
  title     = {Deep Colorization},
  journal   = {CoRR},
  volume    = {abs/1605.00075},
  year      = {2016},
  url       = {http://arxiv.org/abs/1605.00075},
  timestamp = {Wed, 01 Jun 2016 15:51:08 +0200},
  biburl    = {http://dblp.uni-trier.de/rec/bib/journals/corr/ChengYS16},
  bibsource = {dblp computer science bibliography, http://dblp.org}
}

@article{DBLP:journals/ijcv/RussakovskyDSKS15,
  author    = {Olga Russakovsky and
               Jia Deng and
               Hao Su and
               Jonathan Krause and
               Sanjeev Satheesh and
               Sean Ma and
               Zhiheng Huang and
               Andrej Karpathy and
               Aditya Khosla and
               Michael S. Bernstein and
               Alexander C. Berg and
               Fei{-}Fei Li},
  title     = {ImageNet Large Scale Visual Recognition Challenge},
  journal   = {International Journal of Computer Vision},
  volume    = {115},
  number    = {3},
  pages     = {211--252},
  year      = {2015},
  url       = {https://doi.org/10.1007/s11263-015-0816-y},
  doi       = {10.1007/s11263-015-0816-y},
  timestamp = {Wed, 17 May 2017 14:25:23 +0200},
  biburl    = {http://dblp.uni-trier.de/rec/bib/journals/ijcv/RussakovskyDSKS15},
  bibsource = {dblp computer science bibliography, http://dblp.org}
}